<record><leader>00000cas a22000007a 4500</leader><controlfield tag="001">13854028</controlfield><controlfield tag="008">860711c19859999njudr ne      0    0eng d</controlfield><controlfield tag="009">5005</controlfield><datafield ind1=" " ind2=" " tag="010"><subfield code="a">sn 85036059 </subfield></datafield><datafield ind1=" " ind2=" " tag="040"><subfield code="a">NPA</subfield><subfield code="b">eng</subfield><subfield code="c">NPA</subfield><subfield code="d">NJW</subfield><subfield code="d">DLC</subfield></datafield><datafield ind1="1" ind2=" " tag="029"><subfield code="a">AU@</subfield><subfield code="b">000025788320</subfield></datafield><datafield ind1=" " ind2=" " tag="042"><subfield code="a">msc</subfield></datafield><datafield ind1="0" ind2="4" tag="245"><subfield code="a">The Central New Jersey home news.</subfield></datafield><datafield ind1="1" ind2="0" tag="246"><subfield code="a">Home news</subfield></datafield><datafield ind1=" " ind2=" " tag="260"><subfield code="a">New Brunswick, N.J. :</subfield><subfield code="b">William M. Boyd,</subfield><subfield code="c">1985-</subfield></datafield><datafield ind1=" " ind2=" " tag="300"><subfield code="a">v. :</subfield><subfield code="b">ill. ;</subfield><subfield code="c">58 cm.</subfield></datafield><datafield ind1=" " ind2=" " tag="310"><subfield code="a">Daily</subfield></datafield><datafield ind1="0" ind2=" " tag="362"><subfield code="a">Apr. 1, 1985-</subfield></datafield><datafield ind1=" " ind2=" " tag="530"><subfield code="a">Also issued on microfilm by Micro Photo Div., Bell &amp; Howell Co.</subfield></datafield><datafield ind1=" " ind2=" " tag="500"><subfield code="a">Editor: Watson Sims, 1985-</subfield></datafield><datafield ind1=" " ind2=" " tag="752"><subfield code="a">United States</subfield><subfield code="b">New Jersey</subfield><subfield code="c">Middlesex</subfield><subfield code="d">New Brunswick.</subfield></datafield><datafield ind1="0" ind2="0" tag="780"><subfield code="t">Home news (New Brunswick, N.J. : 1970)</subfield><subfield code="w">(DLC)sn 85036058</subfield><subfield code="w">(OCoLC)13854020</subfield></datafield></record>